<?xml version="1.0" encoding="UTF-8"?><collection xmlns="http://www.loc.gov/MARC21/slim"><record><leader>00479nam--2200145-i-4500</leader><controlfield tag="001">000028337</controlfield><controlfield tag="002">20161230</controlfield><controlfield tag="005">20161230201037</controlfield><controlfield tag="008">060222s1000------------r-----000-0-eng-d</controlfield><datafield ind1=" " ind2=" " tag="080"><subfield code="a">621.039.51</subfield></datafield><datafield ind1=" " ind2=" " tag="100"><subfield code="a">Lellouche, Gerald S., Akcasu, Ziya And Shotkin, Louis M</subfield></datafield><datafield ind1=" " ind2=" " tag="245"><subfield code="a">Mathematical methods in nuclear reactor dynamics</subfield></datafield><datafield ind1=" " ind2=" " tag="260"><subfield code="a">New York, Academic Press, 1971, Xii + 460p</subfield></datafield><datafield ind1=" " ind2=" " tag="490"><subfield code="a">Nuclear Science And Technology. A Series Of Monographs And Textbooks</subfield></datafield><datafield ind1=" " ind2=" " tag="852"><subfield code="a">17084</subfield></datafield></record></collection>